<?xml version="1.0" encoding="utf-8"?>
<record xmlns="http://www.loc.gov/MARC21/slim" xmlns:xsi="http://www.w3.org/2001/XMLSchema-instance" xsi:schemaLocation="http://www.loc.gov/MARC21/slim http://www.loc.gov/standards/marcxml/schema/MARC21slim.xsd">
	<leader>     nam a22     Mi 4500</leader>
	<controlfield tag="001">b12932978</controlfield>
	<controlfield tag="003">LeBAU</controlfield>
	<controlfield tag="006">m        d        </controlfield>
	<controlfield tag="007">cr cn |||m|||a</controlfield>
	<controlfield tag="008">210616s1921    ua      o     000 0 ara d</controlfield>
	<datafield ind1=" " ind2=" " tag="040">
		<subfield code="a">ZYU</subfield>
		<subfield code="b">ara</subfield>
		<subfield code="e">rda</subfield>
		<subfield code="c">ZYU</subfield>
	</datafield>
	<datafield ind1="0" ind2="4" tag="082">
		<subfield code="a">892.7109</subfield>
		<subfield code="2">23</subfield>
	</datafield>
	<datafield ind1="1" ind2=" " tag="100">
		<subfield code="6">880-01</subfield>
		<subfield code="a">Zawzanī, Ḥusayn ibn Aḥmad,</subfield>
		<subfield code="d">-1093 or 1094.</subfield>
		<subfield code="e">author.</subfield>
		<subfield code="0">http://id.loc.gov/authorities/names/nr90024498 ,</subfield>
	</datafield>
	<datafield ind1="1" ind2="0" tag="245">
		<subfield code="6">880-02</subfield>
		<subfield code="a">Kitāb Sharḥ al-Muʻallaqāt al-sabʻ /</subfield>
		<subfield code="c">li-Abī ʻAbd Allāh al-Ḥusayn bin Aḥmad bin al-Ḥusayn al-Zawzanī. Wa-yalīhi Muʻallaqāh / lil-Nābighah al-Dhibyānī. Wa-Muʻallaqāh / li-Aʻshá Bakr bin Wāʼil. Wa-qaṣīdatān lil-Nābighah ayḍan.</subfield>
	</datafield>
	<datafield ind1="3" ind2="0" tag="246">
		<subfield code="6">880-03</subfield>
		<subfield code="a">Sharḥ al-Muʻallaqāt al-sabʻ</subfield>
	</datafield>
	<datafield ind1=" " ind2="1" tag="264">
		<subfield code="6">880-04</subfield>
		<subfield code="a">Miṣr :</subfield>
		<subfield code="b">Maṭbaʻat al-Saʻādah,</subfield>
		<subfield code="c">1340 H. = 1921 M.</subfield>
	</datafield>
	<datafield ind1=" " ind2=" " tag="300">
		<subfield code="6">880-05</subfield>
		<subfield code="a">online resource (214 pages)</subfield>
	</datafield>
	<datafield ind1=" " ind2=" " tag="336">
		<subfield code="a">text</subfield>
		<subfield code="2">rdacontent</subfield>
	</datafield>
	<datafield ind1=" " ind2=" " tag="337">
		<subfield code="a">computer</subfield>
		<subfield code="2">rdamedia</subfield>
	</datafield>
	<datafield ind1=" " ind2=" " tag="338">
		<subfield code="a">online resource</subfield>
		<subfield code="2">rdacarrier</subfield>
	</datafield>
	<datafield ind1=" " ind2=" " tag="500">
		<subfield code="a">&quot;احداهما في وصف إمرأة النعمان والثانية سترضيه بها، نُقلت تلك القصائد بشروحهن من الكتبخانة الخديوية وقوبلت على عدة نسخ ولعزتها وحسن رونقها ذيلنا بها المعلقات السبع تتميماً للفائدة.&quot;</subfield>
	</datafield>
	<datafield ind1=" " ind2=" " tag="500">
		<subfield code="a">Part of the Arabic Collections Online (ACO) project, contributed by American University of Beirut's Jafet Memorial Library.</subfield>
	</datafield>
	<datafield ind1=" " ind2=" " tag="533">
		<subfield code="a">Electronic reproduction.</subfield>
		<subfield code="b">New York, N.Y. :</subfield>
		<subfield code="c">New York University,</subfield>
		<subfield code="d">2021.</subfield>
		<subfield code="5">NNU</subfield>
	</datafield>
	<datafield ind1="2" ind2="4" tag="630">
		<subfield code="a">المعلقات</subfield>
		<subfield code="x">تاريخ ونقد.</subfield>
	</datafield>
	<datafield ind1="0" ind2="0" tag="630">
		<subfield code="a">Muʻallaqāt</subfield>
		<subfield code="x">History and criticism.</subfield>
	</datafield>
	<datafield ind1="0" ind2="2" tag="700">
		<subfield code="6">880-06</subfield>
		<subfield code="a">Nābighah al-Dhubyānī,</subfield>
		<subfield code="d">active 6th century.</subfield>
		<subfield code="t">Muʻallaqah.</subfield>
	</datafield>
	<datafield ind1="0" ind2="2" tag="700">
		<subfield code="6">880-07</subfield>
		<subfield code="a">Bakr ibn Wāʼil.</subfield>
		<subfield code="t">Muʻallaqah.</subfield>
	</datafield>
	<datafield ind1="2" ind2=" " tag="710">
		<subfield code="a">Jafet Memorial Library.</subfield>
	</datafield>
	<datafield ind1="0" ind2=" " tag="730">
		<subfield code="a">Arabic Collections Online.</subfield>
	</datafield>
	<datafield ind1="0" ind2="8" tag="775">
		<subfield code="6">880-08</subfield>
		<subfield code="i">دلالة على الطبعة</subfield>
		<subfield code="4">http://rdaregistry.info/Elements/m/P30133 :</subfield>
		<subfield code="a">Zawzanī, Ḥusayn ibn Aḥmad, -1093 or 1094.</subfield>
		<subfield code="t">Kitāb Sharḥ al-Muʻallaqāt al-sabʻ.</subfield>
		<subfield code="d">Miṣr : Maṭbaʻat al-Saʻādah, 1925</subfield>
		<subfield code="w">(LEAUB)b22047141</subfield>
	</datafield>
	<datafield ind1="0" ind2="8" tag="776">
		<subfield code="i">Print version:</subfield>
		<subfield code="a">Zawzanī, Ḥusayn ibn Aḥmad, -1093 or 1094. author. http://id.loc.gov/authorities/names/nr90024498 ,</subfield>
		<subfield code="t">Kitāb Sharḥ al-Muʻallaqāt al-sabʻ</subfield>
		<subfield code="w">(LeBAU)b12932978</subfield>
	</datafield>
	<datafield ind1="4" ind2="0" tag="856">
		<subfield code="u">http://hdl.handle.net/2333.1/1c5b06m8</subfield>
	</datafield>
	<datafield ind1="1" ind2=" " tag="880">
		<subfield code="6">100-01</subfield>
		<subfield code="a">الزوزني، حسين بن أحمد،</subfield>
		<subfield code="d">-1093 او 1094،</subfield>
		<subfield code="0">http://id.loc.gov/authorities/names/nr90024498 ,</subfield>
		<subfield code="e">مؤلف. </subfield>
		<subfield code="4">aut.</subfield>
	</datafield>
	<datafield ind1="1" ind2="0" tag="880">
		<subfield code="6">245-02</subfield>
		<subfield code="a">كتاب شرح المعلقات السبع /</subfield>
		<subfield code="c">لأبي عبد الله الحسين بن أحمد بن الحسين الزوزني. ويليه معلقة / للنابغة الذبياني. ومعلقة / لأعشى بكر بن وائل. وقصيدتان للنابغة أيضاً.</subfield>
	</datafield>
	<datafield ind1="3" ind2="0" tag="880">
		<subfield code="6">246-03</subfield>
		<subfield code="a">شرح المعلقات السبع</subfield>
	</datafield>
	<datafield ind1=" " ind2="1" tag="880">
		<subfield code="6">264-04</subfield>
		<subfield code="a">مصر :</subfield>
		<subfield code="b">مطبعة السعادة،</subfield>
		<subfield code="c">1340 هـ. = 1921 م.</subfield>
	</datafield>
	<datafield ind1=" " ind2=" " tag="880">
		<subfield code="6">300-05</subfield>
		<subfield code="a">214 صفحة ؛</subfield>
		<subfield code="c">19 سم</subfield>
	</datafield>
	<datafield ind1="0" ind2="2" tag="880">
		<subfield code="6">700-06</subfield>
		<subfield code="a">النابغة الذبياني،</subfield>
		<subfield code="d">اشتهر في القرن 6.</subfield>
		<subfield code="t">المعلقة.</subfield>
	</datafield>
	<datafield ind1="0" ind2="2" tag="880">
		<subfield code="6">700-07</subfield>
		<subfield code="a">بكر بن وائل.</subfield>
		<subfield code="t">المعلقة.</subfield>
	</datafield>
	<datafield ind1="0" ind2="8" tag="880">
		<subfield code="6">775-08</subfield>
		<subfield code="4">http://rdaregistry.info/Elements/m/P30133 :</subfield>
		<subfield code="a">الزوزني، حسين بن أحمد، -1093 او 1094.</subfield>
		<subfield code="t">كتاب شرح المعلقات السبع.</subfield>
		<subfield code="d">مصر : مطبعة السعادة، 1925</subfield>
		<subfield code="w">(LEAUB)b22047141</subfield>
	</datafield>
	<datafield ind1=" " ind2=" " tag="959">
		<subfield code="a">NNU</subfield>
		<subfield code="b">WEB</subfield>
		<subfield code="c">GENI</subfield>
		<subfield code="t">0</subfield>
		<subfield code="m">Electronic access</subfield>
		<subfield code="s">01</subfield>
	</datafield>
	<datafield ind1=" " ind2=" " tag="999">
		<subfield code="i">LeBAU_b12932978</subfield>
		<subfield code="s">aub_aco004680</subfield>
		<subfield code="e">(ERROR-MISC)</subfield>
	</datafield>
</record>
